% Encoding: UTF-8

@software{ros,
  author = {Stanford Artificial Intelligence Laboratory et al.},
  title = {Robotic Operating System},
  url = {https://www.ros.org},
  version = {ROS Noetic},
  date = {2023},
}


@Article{clase,
  author = {José Pascal.},
  title = {Apuntes de clases: Robotic Operating System},
    journal = {Universidad de Santiago de Chile, Departamento de Mecánica},
    date = {2-2023},
}


